<record><leader>00000cas a2200000 a 4500</leader><controlfield tag="001">19218807</controlfield><controlfield tag="008">890215d18961916tnuwr ne      0    0eng d</controlfield><datafield ind1=" " ind2=" " tag="010"><subfield code="a">sn 89058288 </subfield></datafield><datafield ind1=" " ind2=" " tag="040"><subfield code="a">KNP</subfield><subfield code="b">eng</subfield><subfield code="c">KNP</subfield><subfield code="d">TGN</subfield><subfield code="d">OCL</subfield><subfield code="d">OCLCQ</subfield><subfield code="d">OCLCF</subfield><subfield code="d">OCLCO</subfield></datafield><datafield ind1=" " ind2=" " tag="042"><subfield code="a">msc</subfield></datafield><datafield ind1=" " ind2=" " tag="043"><subfield code="a">n-us-tn</subfield></datafield><datafield ind1="0" ind2="0" tag="245"><subfield code="a">White County favorite.</subfield></datafield><datafield ind1=" " ind2=" " tag="260"><subfield code="a">Sparta, Tenn. :</subfield><subfield code="b">R.P. Baker</subfield></datafield><datafield ind1=" " ind2=" " tag="300"><subfield code="a">v. :</subfield><subfield code="b">ill.</subfield></datafield><datafield ind1=" " ind2=" " tag="310"><subfield code="a">Weekly</subfield></datafield><datafield ind1="1" ind2=" " tag="362"><subfield code="a">Began in 1896; ceased in 1916.</subfield></datafield><datafield ind1=" " ind2=" " tag="500"><subfield code="a">Publishers: R.P. Baker, &lt;1897-1903&gt;; W. Warren, &lt;1905-1906&gt;; R.P. Baker, &lt;1907-1913&gt;; R.P. Baker &amp; Fred Shelby, &lt;1915&gt;</subfield></datafield><datafield ind1=" " ind2=" " tag="588"><subfield code="a">Description based on: Vol. 2, no. 11 (Sept. 17, 1897).</subfield></datafield><datafield ind1=" " ind2="0" tag="651"><subfield code="a">Sparta (Tenn.)</subfield><subfield code="v">Newspapers.</subfield></datafield><datafield ind1=" " ind2="0" tag="651"><subfield code="a">White County (Tenn.)</subfield><subfield code="v">Newspapers.</subfield></datafield><datafield ind1=" " ind2="7" tag="655"><subfield code="a">Newspapers.</subfield><subfield code="2">fast</subfield><subfield code="0">(OCoLC)fst01423814</subfield></datafield><datafield ind1=" " ind2="7" tag="651"><subfield code="a">Tennessee</subfield><subfield code="z">Sparta.</subfield><subfield code="2">fast</subfield><subfield code="0">(OCoLC)fst01221708</subfield></datafield><datafield ind1=" " ind2="7" tag="651"><subfield code="a">Tennessee</subfield><subfield code="z">White County.</subfield><subfield code="2">fast</subfield><subfield code="0">(OCoLC)fst01215796</subfield></datafield><datafield ind1=" " ind2=" " tag="752"><subfield code="a">United States</subfield><subfield code="b">Tennessee</subfield><subfield code="c">White</subfield><subfield code="d">Sparta.</subfield></datafield><datafield ind1="0" ind2="4" tag="785"><subfield code="t">Sparta expositor (Sparta, Tenn. : 1889)</subfield><subfield code="w">(DLC)sn 83007230</subfield></datafield></record>